@article{DBLP:journals/nar/SouthanSBFPABDM16,
  author    = {Christopher Southan and
               Joanna L. Sharman and
               Helen E. Benson and
               Elena Faccenda and
               Adam J. Pawson and
               Stephen P. H. Alexander and
               Oscar Peter Buneman and
               Anthony P. Davenport and
               John C. McGrath and
               John A. Peters and
               Michael Spedding and
               William A. Catterall and
               Doriano Fabbro and
               Jamie A. Davies and
               Nc{-}Iuphar},
  title     = {The {IUPHAR/BPS} Guide to {PHARMACOLOGY} in 2016: towards curated
               quantitative interactions between 1300 protein targets and 6000 ligands},
  journal   = {Nucleic Acids Research},
  volume    = {44},
  number    = {Database-Issue},
  pages     = {1054--1068},
  year      = {2016},
  url       = {https://doi.org/10.1093/nar/gkv1037},
  doi       = {10.1093/nar/gkv1037},
  timestamp = {Thu, 15 Jun 2017 21:24:22 +0200},
  biburl    = {https://dblp.org/rec/bib/journals/nar/SouthanSBFPABDM16},
  bibsource = {dblp computer science bibliography, https://dblp.org}
}

@article{himmelstein2015heterogeneous,
  title={Heterogeneous network edge prediction: a data integration approach to prioritize disease-associated genes},
  author={Himmelstein, Daniel S and Baranzini, Sergio E},
  journal={PLoS computational biology},
  volume={11},
  number={7},
  pages={e1004259},
  year={2015},
  publisher={Public Library of Science}
}

@article{amsterdamer2012provenance,
  title={On provenance minimization},
  author={Amsterdamer, Yael and Deutch, Daniel and Milo, Tova and Tannen, Val},
  journal={ACM Transactions on Database Systems (TODS)},
  volume={37},
  number={4},
  pages={30},
  year={2012},
  publisher={ACM}
}

@article{mcentyre2015biostudies,
  title={The {BioStudies} database},
  author={McEntyre, Jo and Sarkans, Ugis and Brazma, Alvis},
  journal={Molecular systems biology},
  volume={11},
  number={12},
  pages={847},
  year={2015},
  publisher={EMBO Press}
}

@article{Klump2015,
	Author = {Klump, J. and Huber, R. and Diepenbroek, M.},
	Date-Added = {2016-09-16 10:14:50 +0000},
	Date-Modified = {2016-09-16 10:14:50 +0000},
	Doi = {10.1007/s12145-015-0231-5},
	Issn = {1865-0473},
	Journal = {Earth Science Inform.},
	Keywords = {Persistent identifier; Data publication; Dynamic data; Semantic web},
	Language = {English},
	Pages = {1--14},
	Publisher = {Springer Berlin Heidelberg},
	Title = {{DOI for Geoscience Data -- How Early Practices Shape Present Perceptions}},
	Url = {http://dx.doi.org/10.1007/s12145-015-0231-5},
	Year = {2015},
	Bdsk-Url-1 = {http://dx.doi.org/10.1007/s12145-015-0231-5}}


@article{Simons12,
	Author = {Simons, N.},
	Biburl = {http://dblp.uni-trier.de/rec/bib/journals/dlib/Simons12},
	Date-Added = {2016-09-16 10:15:08 +0000},
	Date-Modified = {2016-09-16 10:15:08 +0000},
	Doi = {10.1045/may2012-simons},
	Journal = {D-Lib Magazine},
	Number = {5/6},
	Title = {{Implementing DOIs for Research Data}},
	Url = {http://dx.doi.org/10.1045/may2012-simons},
	Volume = {18},
	Year = {2012},
	Bdsk-Url-1 = {http://dx.doi.org/10.1045/may2012-simons}}
    
@article{BraseSL15,
	Author = {Brase, J. and Sens, I. and Lautenschlager, M.},
	Date-Added = {2016-11-08 13:55:24 +0000},
	Date-Modified = {2016-11-08 13:55:55 +0000},
	Doi = {10.1045/january2015-brase},
	Journal = {{D-Lib Magazine}},
	Number = {1/2},
	Title = {{The Tenth Anniversary of Assigning {DOI} Names to Scientific Data and a Five Year History of DataCite}},
	Url = {http://dx.doi.org/10.1045/january2015-brase},
	Volume = {21},
	Year = {2015},
	Bdsk-Url-1 = {http://dx.doi.org/10.1045/january2015-brase}}
    
    
@techreport{DataCite2016,
	Date-Added = {2016-10-23 11:06:34 +0000},
	Date-Modified = {2016-10-23 11:07:53 +0000},
	Institution = {{DataCite Metadata Working Group}},
	Title = {{DataCite Metadata Schema Documentation for the Publication and Citation of Research Data, v4.0}},
	Type = {{Technical Report}},
	Year = {2016}}

@article{alawini2018data,
  title={Data Citation: A New Provenance Challenge},
  author={Alawini, Abdussalam and Davidson, Susan and Silvello, Gianmaria and Tannen, Val and Wu, Yinjun},
  journal={Data Engineering},
  pages={27},
  year={2018}
}

@inproceedings{wu2018data,
  title={Data Citation: Giving Credit Where Credit is Due},
  author={Wu, Yinjun and Alawini, Abdussalam and Davidson, Susan B and Silvello, Gianmaria},
  booktitle={Proceedings of the 2018 International Conference on Management of Data},
  pages={99--114},
  year={2018},
  organization={ACM}
} 

@article{HonorEtAl2016,
	Author = {Honor, L. B. and Haselgrove, C. and Frazier, J. A. and Kennedy, D. N.},
	Date-Added = {2017-04-27 10:10:01 +0000},
	Date-Modified = {2017-04-27 10:11:03 +0000},
	Doi = {10.3389/fninf.2016.00034},
	Issn = {1662-5196},
	Journal = {{Frontiers in Neuroinformatics}},
	Month = {August},
	Number = {34},
	Pages = {1--12},
	Title = {{Data Citation in Neuroimaging: Proposed Best Practices for Data Identification and Attribution}},
	Url = {http://journal.frontiersin.org/article/10.3389/fninf.2016.00034},
	Volume = {10},
	Year = {2016},
	Bdsk-Url-1 = {http://journal.frontiersin.org/article/10.3389/fninf.2016.00034},
	Bdsk-Url-2 = {http://dx.doi.org/10.3389/fninf.2016.00034}}

@inproceedings{davidson2017model,
  title={A Model for Fine-Grained Data Citation.},
  author={Davidson, Susan B and Deutch, Daniel and Milo, Tova and Silvello, Gianmaria},
  booktitle={CIDR},
  year={2017}
}

@article{flicek2010ensembl,
  title={Ensembl 2011},
  author={Flicek, Paul and Amode, M Ridwan and Barrell, Daniel and Beal, Kathryn and Brent, Simon and Chen, Yuan and Clapham, Peter and Coates, Guy and Fairley, Susan and Fitzgerald, Stephen and others},
  journal={Nucleic acids research},
  volume={39},
  number={suppl\_1},
  pages={D800--D806},
  year={2010},
  publisher={Oxford University Press}
}

@article{harrow2012gencode,
  title={GENCODE: the reference human genome annotation for The ENCODE Project},
  author={Harrow, Jennifer and Frankish, Adam and Gonzalez, Jose M and Tapanari, Electra and Diekhans, Mark and Kokocinski, Felix and Aken, Bronwen L and Barrell, Daniel and Zadissa, Amonida and Searle, Stephen and others},
  journal={Genome research},
  volume={22},
  number={9},
  pages={1760--1774},
  year={2012},
  publisher={Cold Spring Harbor Lab}
}

@article{cohen2007deciding,
  title={Deciding equivalences among conjunctive aggregate queries},
  author={Cohen, Sara and Nutt, Werner and Sagiv, Yehoshua},
  journal={Journal of the ACM (JACM)},
  volume={54},
  number={2},
  pages={5},
  year={2007},
  publisher={ACM}
}

@article{halevy2001answering,
  title={Answering queries using views: A survey},
  author={Halevy, Alon Y},
  journal={The VLDB Journal},
  volume={10},
  number={4},
  pages={270--294},
  year={2001},
  publisher={Springer}
}

@inproceedings{chandra1977optimal,
  title={Optimal implementation of conjunctive queries in relational data bases},
  author={Chandra, Ashok K and Merlin, Philip M},
  booktitle={Proceedings of the ninth annual ACM symposium on Theory of computing},
  pages={77--90},
  year={1977},
  organization={ACM}
}

@inproceedings{srivastava1996answering,
  title={Answering queries with aggregation using views},
  author={Srivastava, Divesh and Dar, Shaul and Jagadish, Hosagrahar V and Levy, Alon Y},
  booktitle={VLDB},
  volume={96},
  number={September},
  pages={318--329},
  year={1996}
}

@inproceedings{consens1990low,
  title={Low complexity aggregation in GraphLog and Datalog},
  author={Consens, Mariano P and Mendelzon, Alberto O},
  booktitle={International Conference on Database Theory},
  pages={379--394},
  year={1990},
  organization={Springer}
}

@inproceedings{zaharioudakis2000answering,
  title={Answering complex {SQL} queries using automatic summary tables},
  author={Zaharioudakis, Markos and Cochrane, Roberta and Lapis, George and Pirahesh, Hamid and Urata, Monica},
  booktitle={ACM SiGMOD Record},
  volume={29},
  number={2},
  pages={105--116},
  year={2000},
  organization={ACM}
}

@inproceedings{cohen2006user,
  title={User-defined aggregate functions: bridging theory and practice},
  author={Cohen, Sara},
  booktitle={Proceedings of the 2006 ACM SIGMOD international conference on Management of data},
  pages={49--60},
  year={2006},
  organization={ACM}
}

@article{cohen2006rewriting,
  title={Rewriting queries with arbitrary aggregation functions using views},
  author={Cohen, Sara and Nutt, Werner and Sagiv, Yehoshua},
  journal={ACM Transactions on Database Systems (TODS)},
  volume={31},
  number={2},
  pages={672--715},
  year={2006},
  publisher={ACM}
}

@inproceedings{buneman2001and,
  title={Why and where: A characterization of data provenance},
  author={Buneman, Peter and Khanna, Sanjeev and Wang-Chiew, Tan},
  booktitle={International conference on database theory},
  pages={316--330},
  year={2001},
  organization={Springer}
}

@inproceedings{chapman2009not,
  title={Why not?},
  author={Chapman, Adriane and Jagadish, HV},
  booktitle={Proceedings of the 2009 ACM SIGMOD International Conference on Management of data},
  pages={523--534},
  year={2009},
  organization={ACM}
}

@inproceedings{green2007provenance,
  title={Provenance semirings},
  author={Green, Todd J and Karvounarakis, Grigoris and Tannen, Val},
  booktitle={Proceedings of the twenty-sixth ACM SIGMOD-SIGACT-SIGART symposium on Principles of database systems},
  pages={31--40},
  year={2007},
  organization={ACM}
}

@inproceedings{amsterdamer2011provenance,
  title={Provenance for aggregate queries},
  author={Amsterdamer, Yael and Deutch, Daniel and Tannen, Val},
  booktitle={Proceedings of the thirtieth ACM SIGMOD-SIGACT-SIGART symposium on Principles of database systems},
  pages={153--164},
  year={2011},
  organization={ACM}
}

@article{xu2018provenance,
  title={Provenance Analysis for Missing Answers and Integrity Repairs},
  author={Xu, Jane and Zhang, Waley and Alawini, Abdussalam and Tannen, Val},
  journal={Data Engineering},
  pages={39},
  year={2018}
}

@article{ives2008orchestra,
  title={The {ORCHESTRA} collaborative data sharing system},
  author={Ives, Zachary G and Green, Todd J and Karvounarakis, Grigoris and Taylor, Nicholas E and Tannen, Val and Talukdar, Partha Pratim and Jacob, Marie and Pereira, Fernando},
  journal={ACM Sigmod Record},
  volume={37},
  number={3},
  pages={26--32},
  year={2008},
  publisher={ACM}
}

@book{CODATA2013,
	Journal = {{Data Science Journal}},
	Pages = {1--67},
	publisher = {CODATA-ICSTI Task Group on Data Citation Standards and Practices},
	Title = {{Out of Cite, Out of Mind: The Current State of Practice, Policy, and Technology for the Citation of Data}},
	Volume = {12},
	Year = {2013}}
    
@book{FORCE11_2104,
	Author = {{FORCE-11}},
	Date-Added = {2016-09-16 10:39:18 +0000},
	Date-Modified = {2016-09-16 10:39:18 +0000},
	Editor = {Martone, M.},
	Publisher = {FORCE11, San Diego, CA, USA},
	Title = {{Data Citation Synthesis Group: Joint Declaration of Data Citation Principles}},
	Year = {2014}}
    
@article{RauberEtAl2016,
	Author = {Rauber, A. and Ari, A. and van Uytvanck, D. and Pr{\"{o}}ll, S.},
	Date-Added = {2016-05-03 09:47:26 +0000},
	Date-Modified = {2016-05-17 09:14:01 +0000},
	Journal = {{Bulletin of IEEE Technical Committee on Digital Libraries, Special Issue on Data Citation}},
	Month = {May},
	Number = {1},
	Pages = {6--15},
	Title = {{Identification of Reproducible Subsets for Data Citation, Sharing and Re-Use}},
	Volume = {12},
	Year = {2016}}

@inproceedings{DBLP:conf/bigdataconf/ProllR13,
  author    = {Stefan Pr{\"{o}}ll and
               Andreas Rauber},
  title     = {Scalable data citation in dynamic, large databases: Model and reference
               implementation},
  booktitle = {Proc. of the 2013 {IEEE} International Conference on Big Data},
  pages     = {307--312},
  year      = {2013},
  url       = {http://dx.doi.org/10.1109/BigData.2013.6691588},
  doi       = {10.1109/BigData.2013.6691588},
  timestamp = {Mon, 27 Jun 2016 19:44:31 +0200},
  biburl    = {http://dblp.uni-trier.de/rec/bib/conf/bigdataconf/ProllR13},
  bibsource = {dblp computer science bibliography, http://dblp.org}
}

@conference{ProllRauber14,
	Author = {Pr{\"{o}}ll, S. and Rauber, A.},
	Booktitle = {{Proc. of 3rd Int. Conf. on Data Management Technologies and Applications}},
	Date-Added = {2018-01-23 11:26:28 +0000},
	Date-Modified = {2018-01-23 11:27:07 +0000},
	Doi = {10.5220/0004991802230230},
	Isbn = {978-989-758-035-2},
	Pages = {223--230},
	Title = {{A Scalable Framework for Dynamic Data Citation of Arbitrary Structured Data}},
	Year = {2014},
	Bdsk-Url-1 = {https://dx.doi.org/10.5220/0004991802230230}}

@inproceedings{DBLP:conf/pods/DavidsonBDMS17,
  author    = {Susan B. Davidson and
               Peter Buneman and
               Daniel Deutch and
               Tova Milo and
               Gianmaria Silvello},
  title     = {Data Citation: {A} Computational Challenge},
  booktitle = {Proceedings of the 36th {ACM} {SIGMOD-SIGACT-SIGAI} Symposium on Principles
               of Database Systems, {PODS} 2017, Chicago, IL, USA, May 14-19, 2017},
  pages     = {1--4},
  year      = {2017},
  crossref  = {DBLP:conf/pods/2017},
  url       = {http://doi.acm.org/10.1145/3034786.3056123},
  doi       = {10.1145/3034786.3056123},
  timestamp = {Wed, 10 May 2017 22:16:36 +0200},
  biburl    = {https://dblp.org/rec/bib/conf/pods/DavidsonBDMS17},
  bibsource = {dblp computer science bibliography, https://dblp.org}
}


@inproceedings{cohen1999rewriting,
  title={Rewriting aggregate queries using views},
  author={Cohen, Sara and Nutt, Werner and Serebrenik, Alexander},
  booktitle={Proceedings of the eighteenth ACM SIGMOD-SIGACT-SIGART symposium on Principles of database systems},
  pages={155--166},
  year={1999},
  organization={ACM}
}

@article{arab2018gprom,
  title={{GProM}-A swiss army knife for your provenance needs},
  author={Arab, Bahareh S and Feng, Su and Glavic, Boris and Lee, Seokki and Niu, Xing and Zeng, Qitian},
  journal={Data Eng. Bull},
  volume={41},
  number={1},
  pages={51--62},
  year={2018}
}

@article{himmelstein2017systematic,
  title={Systematic integration of biomedical knowledge prioritizes drugs for repurposing},
  author={Himmelstein, Daniel Scott and Lizee, Antoine and Hessler, Christine and Brueggeman, Leo and Chen, Sabrina L and Hadley, Dexter and Green, Ari and Khankhanian, Pouya and Baranzini, Sergio E},
  journal={Elife},
  volume={6},
  year={2017},
  publisher={eLife Sciences Publications, Ltd}
}

@article{alawini2017automating,
  title={Automating data citation in {CiteDB}},
  author={Alawini, Abdussalam and Davidson, Susan B and Hu, Wei and Wu, Yinjun},
  journal={PVLDB},
  volume={10},
  number={12},
  pages={1881--1884},
  year={2017},
  publisher={VLDB Endowment}
}

@article{BunemanEtAl2016,
	Author = {Buneman, P. and Davidson, S. B. and Frew, J.},
	Date-Added = {2016-09-16 10:59:04 +0000},
	Date-Modified = {2016-09-16 10:59:04 +0000},
	Journal = {{Communications of the ACM (CACM)}},
	Number = {9},
	Pages = {50--57},
	Title = {Why data citation is a computational problem},
	Volume = {59},
	Year = {2016}}
    
@inproceedings{chaudhuri1995optimizing,
  title={Optimizing queries with materialized views},
  author={Chaudhuri, Surajit and Krishnamurthy, Ravi and Potamianos, Spyros and Shim, Kyuseok},
  booktitle={Data Engineering, 1995. Proceedings of the Eleventh International Conference on},
  pages={190--200},
  year={1995},
  organization={IEEE}
}

@inproceedings{pottinger2000scalable,
  title={A scalable algorithm for answering queries using views},
  author={Pottinger, Rachel and Levy, Alon Y},
  booktitle={VLDB},
  pages={484--495},
  year={2000}
}

@inproceedings{galindo2001orthogonal,
  title={Orthogonal optimization of subqueries and aggregation},
  author={Galindo-Legaria, C{\'e}sar and Joshi, Milind},
  booktitle={ACM SIGMOD Record},
  volume={30},
  number={2},
  pages={571--581},
  year={2001},
  organization={ACM}
}

@article{afrati2007using,
  title={Using views to generate efficient evaluation plans for queries},
  author={Afrati, Foto N and Li, Chen and Ullman, Jeffrey D},
  journal={Journal of Computer and System Sciences},
  volume={73},
  number={5},
  pages={703--724},
  year={2007},
  publisher={Elsevier}
}

@ARTICLE{bowman:reasoning,
	AUTHOR = "Mic Bowman and Saumya K. Debray and Larry L. Peterson",
	TITLE = "Reasoning About Naming Systems",
	JOURNAL = "ACM Trans. Program. Lang. Syst.",
	VOLUME = {15},
	NUMBER = {5},
	PAGES = {795-825},
	MONTH = "November",
	YEAR = {1993}	}

@ARTICLE{braams:babel,
	AUTHOR = "Johannes Braams",
	TITLE = "Babel, a Multilingual Style-Option System for Use with LaTeX's Standard Document Styles",
	JOURNAL = {TUGboat},
	VOLUME = {12},
	NUMBER = {2},
	PAGES = {291-301},
	MONTH = "June",
	YEAR = {1991}	}

@INPROCEEDINGS{clark:pct,
	AUTHOR = "Malcolm Clark",
	TITLE = "Post Congress Tristesse",
	BOOKTITLE = "TeX90 Conference Proceedings",
	PAGES = "84-89",
	ORGANIZATION = "TeX Users Group",
	MONTH = "March", 
	YEAR = {1991}	}

@ARTICLE{herlihy:methodology,
	AUTHOR = "Maurice Herlihy",
	TITLE = "A Methodology for Implementing Highly Concurrent
	Data Objects",
	JOURNAL = {ACM Trans. Program. Lang. Syst.},
	VOLUME = {15},
	NUMBER = {5},
	PAGES = {745-770},
	MONTH = "November",
	YEAR = {1993}	}

@BOOK{Lamport:LaTeX,
	AUTHOR = "Leslie Lamport",
	TITLE = "LaTeX User's Guide and Document Reference Manual",
	PUBLISHER = "Addison-Wesley Publishing Company",
	ADDRESS = "Reading, Massachusetts",
	YEAR = "1986"	}

@BOOK{salas:calculus,
	AUTHOR = "S.L. Salas and Einar Hille",
	TITLE = "Calculus: One and Several Variable",
	PUBLISHER = "John Wiley and Sons",
	ADDRESS = "New York",
	YEAR = "1978"	}

@inproceedings{dueck2007non,
  title={Non-metric affinity propagation for unsupervised image categorization},
  author={Dueck, Delbert and Frey, Brendan J},
  booktitle={Computer Vision, 2007. ICCV 2007. IEEE 11th International Conference on},
  pages={1--8},
  year={2007},
  organization={IEEE}
}

@inproceedings{goyal2006attribute,
  title={Attribute-based encryption for fine-grained access control of encrypted data},
  author={Goyal, Vipul and Pandey, Omkant and Sahai, Amit and Waters, Brent},
  booktitle={Proceedings of the 13th ACM conference on Computer and communications security},
  pages={89--98},
  year={2006},
  organization={Acm}
}

@article{psallidas2018smoke,
  title={Smoke: Fine-grained lineage at interactive speed},
  author={Psallidas, Fotis and Wu, Eugene},
  journal={PVLDB},
  volume={11},
  number={6},
  pages={719--732},
  year={2018},
  publisher={VLDB Endowment}
}


@misc{nsf_dblp,
author = {Alawini, Abdussalam and Davidson, Susan and Pandey, Shivendra and Silvello, Gianmaria and Wu, Yinjun},
title = {{``DBLP-NSF dataset SQL dump'', Mendeley Data, v5}},
doi = {10.17632/ycnngyv5bd.5},
howpublished= {\url{http://dx.doi.org/10.17632/ycnngyv5bd.5}}}